@article{jackson2009protecting,
  title={Protecting browsers from DNS rebinding attacks},
  author={Jackson, Collin and Barth, Adam and Bortz, Andrew and Shao, Weidong
and Boneh, Dan},
  journal={ACM Transactions on the Web (TWEB)},
  volume={3},
  number={1},
  pages={2},
  year={2009},
  publisher={ACM}
},

@misc{cve20185702,
	title={{CVE}-2018-5702},
	howpublished={\url{https://cve.mitre.org/cgi-bin/cvename.cgi?name=CVE-2018
-5702}},
	note={Accessed: 27/02/2018}
},

@misc{dnswiki,
	title={Domain Name System},
	howpublished={\url{https://en.wikipedia.org/wiki/Domain_Name_System}},
	note={Accessed: 27/02/2018}
},

@misc{vulnsec,
	title={Bypass Same Origin Policy - BY-SOP (GitHub)},
	howpublished={\url{https://github.com/mpgn/ByP-SOP}},
	note={Accessed: 27/02/2018}
},

@inproceedings{johns2013eradicating,
  title={Eradicating DNS Rebinding with the Extended Same-origin Policy.},
  author={Johns, Martin and Lekies, Sebastian and Stock, Ben},
  booktitle={USENIX security symposium},
  pages={621--636},
  year={2013}
},

@misc{transmission,
  title = {Transmission},
  howpublished ={\url{https://transmissionbt.com}},
  note = {Accessed: 2018-03-05}
},

@misc{transmission_pr,
	title="{CVE}-2018-5702: {M}itigate dns rebinding attacks against daemon",
	howpublished={\url{https://github.com/transmission/transmission/pull/468}},
	note = {Accessed: 2018-03-06}
},

@misc{rbndr,
	title={Rbndr: Simple DNS Rebinding Service},
	howpublished={\url{https://github.com/taviso/rbndr}},
	note = {Accessed: 2018-03-06}	
},

@misc{tavis_report,
	title={transmission: rpc session-id mechanism design flaw},
howpublished={\url{https://bugs.chromium.org/p/project-zero/issues/detail?id
=1447}},
	note = {Accessed: 2018-03-06}
},

@misc{rpc_spec,
	title={Transmission {RPC} Documentation},
howpublished={\url{https://github.com/transmission/transmission/blob/master
/extras/rpc-spec.txt}},
	note = {Accessed: 2018-03-06}
}